<?xml version="1.0" encoding="UTF-8"?><collection xmlns="http://www.loc.gov/MARC21/slim"><record><leader>00453nam--2200133-i-4500</leader><controlfield tag="001">000002818</controlfield><controlfield tag="002">20161230</controlfield><controlfield tag="005">20170225103010</controlfield><controlfield tag="008">060222s1000------------r-----000-0-eng-d</controlfield><datafield ind1=" " ind2=" " tag="245"><subfield code="a">Mecanique ondulatoire et cinetique chimique reunions d etudes et de mises au point, tenues sous la presidence de Broglie. Preface de L.de Broglie</subfield></datafield><datafield ind1=" " ind2=" " tag="260"><subfield code="a">Paris</subfield><subfield code="b">Ed.Revue D Optique</subfield><subfield code="c">1955</subfield></datafield><datafield ind1=" " ind2=" " tag="300"><subfield code="a">204 p</subfield></datafield><datafield ind1=" " ind2=" " tag="700"><subfield code="a">Broglie, Louis De</subfield></datafield><datafield ind1=" " ind2=" " tag="CAT"><subfield code="a">SYS</subfield><subfield code="c">20170225</subfield><subfield code="h">103010</subfield></datafield></record></collection>